<?xml version="1.0" encoding="utf-8"?>
<record xmlns="http://www.loc.gov/MARC21/slim" xmlns:xsi="http://www.w3.org/2001/XMLSchema-instance" xsi:schemaLocation="http://www.loc.gov/MARC21/slim http://www.loc.gov/standards/marcxml/schema/MARC21slim.xsd">
	<leader>     nam a22     Mi 4500</leader>
	<controlfield tag="001">1141220</controlfield>
	<controlfield tag="003">NjP</controlfield>
	<controlfield tag="006">m        d        </controlfield>
	<controlfield tag="007">cr cn |||m|||a</controlfield>
	<controlfield tag="008">210212m19289999ua      o     000 0 ara d</controlfield>
	<datafield ind1=" " ind2=" " tag="040">
		<subfield code="a">ZYU</subfield>
		<subfield code="b">ara</subfield>
		<subfield code="e">rda</subfield>
		<subfield code="c">ZYU</subfield>
	</datafield>
	<datafield ind1="0" ind2=" " tag="041">
		<subfield code="a">ara</subfield>
		<subfield code="h">eng</subfield>
	</datafield>
	<datafield ind1="1" ind2=" " tag="100">
		<subfield code="6">880-01</subfield>
		<subfield code="a">Darwin, Charles,</subfield>
		<subfield code="d">1809-1882.</subfield>
	</datafield>
	<datafield ind1="1" ind2="0" tag="240">
		<subfield code="a">Origin of species by means of natural selection ; or, The preservation of favored races in the struggle of life.</subfield>
		<subfield code="l">Arabic</subfield>
	</datafield>
	<datafield ind1="1" ind2="0" tag="245">
		<subfield code="6">880-02</subfield>
		<subfield code="a">Aṣl al-anwāʻ wa-nushūʼihā bi-al-intikhāb al-ṭabīʻī ; wa-ḥifẓ al-ṣufūf al-ghālibah fī al-tanāḥur ʻalá al-baqāʼ /</subfield>
		<subfield code="c">Shārlz Rūbirt Dārwīn ; naqalahu ilá al-ʻArabīyah Ismāʻīl Maẓhar.</subfield>
	</datafield>
	<datafield ind1="3" ind2=" " tag="246">
		<subfield code="a">Preservation of favored races in the struggle for life</subfield>
	</datafield>
	<datafield ind1="3" ind2=" " tag="246">
		<subfield code="6">880-03</subfield>
		<subfield code="a">Ḥifẓ al-ṣufūf al-ghālibah fī al-tanāḥur ʻalá al-baqāʼ</subfield>
	</datafield>
	<datafield ind1=" " ind2=" " tag="260">
		<subfield code="6">880-04</subfield>
		<subfield code="a">[Cairo] :</subfield>
		<subfield code="b">Dār al-ʻAṣr lil-Ṭabʻ wa-al-Nashr,</subfield>
		<subfield code="c">1928-</subfield>
	</datafield>
	<datafield ind1=" " ind2=" " tag="300">
		<subfield code="a">online resource (volumes)</subfield>
	</datafield>
	<datafield ind1=" " ind2=" " tag="336">
		<subfield code="a">text</subfield>
		<subfield code="2">rdacontent</subfield>
	</datafield>
	<datafield ind1=" " ind2=" " tag="337">
		<subfield code="a">computer</subfield>
		<subfield code="2">rdamedia</subfield>
	</datafield>
	<datafield ind1=" " ind2=" " tag="338">
		<subfield code="a">online resource</subfield>
		<subfield code="2">rdacarrier</subfield>
	</datafield>
	<datafield ind1=" " ind2=" " tag="500">
		<subfield code="a">Part of the Arabic Collections Online (ACO) project, contributed by Princeton University Libraries.</subfield>
	</datafield>
	<datafield ind1=" " ind2=" " tag="533">
		<subfield code="a">Electronic reproduction.</subfield>
		<subfield code="b">New York, N.Y. :</subfield>
		<subfield code="c">New York University,</subfield>
		<subfield code="d">2021.</subfield>
		<subfield code="5">NNU</subfield>
	</datafield>
	<datafield ind1=" " ind2="0" tag="650">
		<subfield code="a">Evolution.</subfield>
	</datafield>
	<datafield ind1=" " ind2="0" tag="650">
		<subfield code="a">Natural selection.</subfield>
	</datafield>
	<datafield ind1=" " ind2="7" tag="650">
		<subfield code="a">Evolution.</subfield>
		<subfield code="2">fast</subfield>
		<subfield code="0">(OCoLC)fst00917265</subfield>
	</datafield>
	<datafield ind1=" " ind2="7" tag="650">
		<subfield code="a">Natural selection.</subfield>
		<subfield code="2">fast</subfield>
		<subfield code="0">(OCoLC)fst01034520</subfield>
	</datafield>
	<datafield ind1="1" ind2=" " tag="700">
		<subfield code="6">880-05</subfield>
		<subfield code="a">Maẓhar, Ismāʻīl.</subfield>
	</datafield>
	<datafield ind1="2" ind2=" " tag="710">
		<subfield code="a">Princeton University.</subfield>
		<subfield code="b">Library.</subfield>
	</datafield>
	<datafield ind1="0" ind2=" " tag="730">
		<subfield code="a">Arabic Collections Online.</subfield>
	</datafield>
	<datafield ind1="0" ind2="8" tag="776">
		<subfield code="i">Online version:</subfield>
		<subfield code="a">Darwin, Charles, 1809-1882.</subfield>
		<subfield code="s">Origin of species by means of natural selection ; or, The preservation of favored races in the struggle of life. Arabic.</subfield>
		<subfield code="t">Aṣl al-anwāʻ wa-nushūʼihā bi-al-intikhāb al-ṭabīʻī ; wa-ḥifẓ al-ṣufūf al-ghālibah fī al-tanāḥur ʻalá al-baqāʼ.</subfield>
		<subfield code="d">[Cairo] : Dār al-ʻAṣr lil-Ṭabʻ wa-al-Nashr, 1928-</subfield>
		<subfield code="w">(OCoLC)656692334</subfield>
	</datafield>
	<datafield ind1="0" ind2="8" tag="776">
		<subfield code="i">Print version:</subfield>
		<subfield code="a">Darwin, Charles, 1809-1882.</subfield>
		<subfield code="t">Aṣl al-anwāʻ wa-nushūʼihā bi-al-intikhāb al-ṭabīʻī ; wa-ḥifẓ al-ṣufūf al-ghālibah fī al-tanāḥur ʻalá al-baqāʼ</subfield>
		<subfield code="w">(NjP)1141220</subfield>
		<subfield code="w">(OCoLC)33996065</subfield>
	</datafield>
	<datafield ind1="4" ind2="0" tag="856">
		<subfield code="u">http://hdl.handle.net/2333.1/qrfj717w</subfield>
	</datafield>
	<datafield ind1="1" ind2=" " tag="880">
		<subfield code="6">100-01</subfield>
		<subfield code="a">داروين، شارلز،</subfield>
		<subfield code="d">1809-1882.</subfield>
	</datafield>
	<datafield ind1="1" ind2="0" tag="880">
		<subfield code="6">245-02</subfield>
		<subfield code="a">اصل الانواع ونشونها بالانتخاب الطبيعي ؛ وحفظ الصفوف الغالبة في التناحر على البقاء /</subfield>
		<subfield code="c">شارز روبرت داروين ؛ نقله الى العربية اسماعيل مظهر.</subfield>
	</datafield>
	<datafield ind1="3" ind2=" " tag="880">
		<subfield code="6">246-03</subfield>
		<subfield code="a">حفظ الصفوف الغالبة في التناحر على البقاء</subfield>
	</datafield>
	<datafield ind1=" " ind2=" " tag="880">
		<subfield code="6">260-04</subfield>
		<subfield code="a">[القاهرة] :</subfield>
		<subfield code="b">دار العصر للطبع والنشر،</subfield>
		<subfield code="c">-١٩٢٨.</subfield>
	</datafield>
	<datafield ind1="1" ind2=" " tag="880">
		<subfield code="6">700-05</subfield>
		<subfield code="a">مظهر اسماعيل.</subfield>
	</datafield>
	<datafield ind1=" " ind2=" " tag="959">
		<subfield code="a">NNU</subfield>
		<subfield code="b">WEB</subfield>
		<subfield code="c">GENI</subfield>
		<subfield code="t">0</subfield>
		<subfield code="m">Electronic access</subfield>
		<subfield code="s">01</subfield>
	</datafield>
	<datafield ind1=" " ind2=" " tag="999">
		<subfield code="i">NjP_1141220</subfield>
		<subfield code="o">(OCoLC)ocm33996065</subfield>
		<subfield code="s">princeton_aco002587:v.1</subfield>
		<subfield code="e">(ERROR-880)(ERROR-MISC)</subfield>
		<subfield code="s">princeton_aco002587:v.1</subfield>
	</datafield>
</record>
